<?xml version="1.0" encoding="UTF-8"?><record xmlns="http://www.loc.gov/MARC21/slim" xmlns:cinclude="http://apache.org/cocoon/include/1.0" xmlns:zs="http://www.loc.gov/zing/srw/">
  <leader>00365cz  a2200121n  4500</leader>
  <controlfield tag="001">n 2006091855</controlfield>
  <controlfield tag="003">DLC</controlfield>
  <controlfield tag="005">20061205074954.0</controlfield>
  <controlfield tag="008">061204n| acannaabn          |n aaa      </controlfield>
  <datafield tag="010" ind1=" " ind2=" ">
    <subfield code="a">n 2006091855</subfield>
  </datafield>
  <datafield tag="040" ind1=" " ind2=" ">
    <subfield code="a">DLC</subfield>
    <subfield code="b">eng</subfield>
    <subfield code="c">DLC</subfield>
    <subfield code="d">DLC</subfield>
  </datafield>
  <datafield tag="100" ind1="1" ind2=" ">
    <subfield code="a">Lobankov, V.</subfield>
  </datafield>
  <datafield tag="670" ind1=" " ind2=" ">
    <subfield code="a">Russia (Federation). Kodeks zakonov o trude Rossiĭskoĭ Federat︠s︡ii, 1993:</subfield>
    <subfield code="b">colophon (V. Lobankov)</subfield>
  </datafield>
</record>